Datos básicos covid

@inproceedings{OMS,
  title={Preguntas y respuestas sobre la enfermedad por coronavirus (COVID-19)},
  author={Organnización Mundial de la Salud},
  year={2020},
  publisher={OMS}
}

@inproceedings{PythonSoftwareFoundation,
  title={Python 3.8.6 documentation},
  author={Python Software Foundation.},
  year={2001-2020},
  publisher={Python Software Foundation}
}

@inproceedings{Matlotlib,
  title={Tutorials},
  author={Hunter J,Dale, Firing,Droettboom and the Matplotlib development team},
  year={2012 - 2020},
  publisher={The Matplotlib development team}
}

@inproceedings{Pandas,
  title={User Guide},
  author={The pandas development team},
  year={2008-2020},
  publisher={The pandas development team}
}

@inproceedings{Socrata,
  title={Data Visualization with Plotly and Pandas},
  author={Sanchez J},
  year={2016},
  publisher={Socrata}
}

@inproceedings{DatosAbiertos,
  title={Casos positivos de COVID-19 en Colombia},
  author={Ministerio de Tecnologías de la Información y las Comunicaciones},
  year={2020},
  publisher={Datos Abiertos}
}
